<record><leader>00000cas a2200000 a 4500</leader><controlfield tag="001">34201825</controlfield><controlfield tag="008">960216d19381964fludr ne      0    0eng c</controlfield><datafield ind1=" " ind2=" " tag="010"><subfield code="a">sn 96027177 </subfield></datafield><datafield ind1=" " ind2=" " tag="040"><subfield code="a">FUG</subfield><subfield code="b">eng</subfield><subfield code="c">FUG</subfield><subfield code="d">NVF</subfield><subfield code="d">OCLCQ</subfield><subfield code="d">OCLCF</subfield><subfield code="d">OCLCO</subfield></datafield><datafield ind1=" " ind2=" " tag="012"><subfield code="i">9602</subfield></datafield><datafield ind1="1" ind2=" " tag="029"><subfield code="a">AU@</subfield><subfield code="b">000021433866</subfield></datafield><datafield ind1=" " ind2=" " tag="042"><subfield code="a">pcc</subfield></datafield><datafield ind1=" " ind2=" " tag="043"><subfield code="a">n-us-fl</subfield></datafield><datafield ind1="0" ind2="0" tag="245"><subfield code="a">Sarasota herald &amp; tribune.</subfield></datafield><datafield ind1="3" ind2=" " tag="246"><subfield code="a">Sarasota herald and tribune</subfield></datafield><datafield ind1="1" ind2=" " tag="246"><subfield code="i">Issues for Sept. 1, 1938-1964 published as:</subfield><subfield code="a">Sarasota herald-tribune</subfield></datafield><datafield ind1=" " ind2=" " tag="260"><subfield code="a">Sarasota, Fla. :</subfield><subfield code="b">Sarasota Newspapers, Inc.,</subfield><subfield code="c">1938-1964.</subfield></datafield><datafield ind1=" " ind2=" " tag="300"><subfield code="a">v.</subfield></datafield><datafield ind1=" " ind2=" " tag="310"><subfield code="a">Daily,</subfield><subfield code="b">1952-1964</subfield></datafield><datafield ind1=" " ind2=" " tag="321"><subfield code="a">Daily (except Saturday),</subfield><subfield code="b">1938-1952</subfield></datafield><datafield ind1="0" ind2=" " tag="362"><subfield code="a">13th year, no. 233 (July 5, 1938)-40th year, no. 89 (Dec. 31, 1964).</subfield></datafield><datafield ind1=" " ind2=" " tag="500"><subfield code="a">George D. Lindsay, editor.</subfield></datafield><datafield ind1=" " ind2=" " tag="500"><subfield code="a">Published in multiple editions.</subfield></datafield><datafield ind1=" " ind2="0" tag="651"><subfield code="a">Sarasota (Fla.)</subfield><subfield code="v">Newspapers.</subfield></datafield><datafield ind1=" " ind2="0" tag="651"><subfield code="a">Sarasota County (Fla.)</subfield><subfield code="v">Newspapers.</subfield></datafield><datafield ind1=" " ind2="7" tag="655"><subfield code="a">Newspapers.</subfield><subfield code="2">fast</subfield><subfield code="0">(OCoLC)fst01423814</subfield></datafield><datafield ind1=" " ind2="7" tag="651"><subfield code="a">Florida</subfield><subfield code="z">Sarasota.</subfield><subfield code="2">fast</subfield><subfield code="0">(OCoLC)fst01207248</subfield></datafield><datafield ind1=" " ind2="7" tag="651"><subfield code="a">Florida</subfield><subfield code="z">Sarasota County.</subfield><subfield code="2">fast</subfield><subfield code="0">(OCoLC)fst01214943</subfield></datafield><datafield ind1=" " ind2=" " tag="752"><subfield code="a">United States</subfield><subfield code="b">Florida</subfield><subfield code="c">Sarasota</subfield><subfield code="d">Sarasota.</subfield></datafield><datafield ind1="0" ind2="0" tag="780"><subfield code="t">Sarasota herald Sarasota daily tribune</subfield><subfield code="w">(DLC)sn 96027176</subfield><subfield code="w">(OCoLC)34201824</subfield></datafield><datafield ind1="0" ind2="0" tag="785"><subfield code="t">Herald-tribune (Sarasota, Fla.)</subfield><subfield code="w">(DLC)sn 96027178</subfield><subfield code="w">(OCoLC)34201827</subfield></datafield><datafield ind1=" " ind2=" " tag="850"><subfield code="a">FU</subfield></datafield></record>